% references.bib

@article{laloy2019gradient,
  title={Gradient-based deterministic inversion of geophysical data with generative adversarial networks: is it feasible?},
  author={Laloy, Eric and Linde, Niklas and Ruffino, Cyprien and H{\'e}rault, Romain and Gasso, Gilles and Jacques, Diederik},
  journal={Computers \& Geosciences},
  volume={133},
  pages={104333},
  year={2019},
  publisher={Elsevier}
}

@book{vogel2002deterministic,
author = {Vogel, Curtis R.},
title = {Computational Methods for Inverse Problems},
publisher = {Society for Industrial and Applied Mathematics},
year = {2002},
doi = {10.1137/1.9780898717570},
address = {},
edition   = {},
URL = {https://epubs.siam.org/doi/abs/10.1137/1.9780898717570},
eprint = {https://epubs.siam.org/doi/pdf/10.1137/1.9780898717570}
}

@article{stuart2010inverse,
  title={Inverse problems: a Bayesian perspective},
  author={Stuart, Andrew M},
  journal={Acta numerica},
  volume={19},
  pages={451--559},
  year={2010},
  publisher={Cambridge University Press}
}

@incollection{dashti2017bayesian,
  title={The Bayesian approach to inverse problems},
  author={Dashti, Masoumeh and Stuart, Andrew M},
  booktitle={Handbook of uncertainty quantification},
  pages={311--428},
  year={2017},
  publisher={Springer}
}

@article{thanh2013infinitebayesian,
author = {Bui-Thanh, Tan and Ghattas, Omar and Martin, James and Stadler, Georg},
title = {A Computational Framework for Infinite-Dimensional Bayesian Inverse Problems Part I: The Linearized Case, with Application to Global Seismic Inversion},
journal = {SIAM Journal on Scientific Computing},
volume = {35},
number = {6},
pages = {A2494-A2523},
year = {2013},
doi = {10.1137/12089586X},
}

@article{golub1999tikhonov,
  title={Tikhonov regularization and total least squares},
  author={Golub, Gene H and Hansen, Per Christian and O'Leary, Dianne P},
  journal={SIAM journal on matrix analysis and applications},
  volume={21},
  number={1},
  pages={185--194},
  year={1999},
  publisher={SIAM}
}

@inproceedings{tikhonov1963solution,
  title={On the solution of ill-posed problems and the method of regularization},
  author={Tikhonov, Andrei Nikolaevich},
  booktitle={Doklady akademii nauk},
  volume={151},
  number={3},
  pages={501--504},
  year={1963},
  organization={Russian Academy of Sciences}
}

@book{troltzsch2010optimal,
  title={Optimal control of partial differential equations: theory, methods, and applications},
  author={Tr{\"o}ltzsch, Fredi},
  volume={112},
  year={2010},
  publisher={American Mathematical Soc.}
}

@article{villa2018hippylib,
  title={hIPPYlib: An extensible software framework for large-scale inverse problems},
  author={Villa, Umberto and Petra, Noemi and Ghattas, Omar},
  journal={Journal of Open Source Software},
  volume={3},
  number={30},
  year={2018}
}

@article{galbally2010non,
  title={Non-linear model reduction for uncertainty quantification in large-scale inverse problems},
  author={Galbally, David and Fidkowski, Krzysztof and Willcox, Karen and Ghattas, Omar},
  journal={International journal for numerical methods in engineering},
  volume={81},
  number={12},
  pages={1581--1608},
  year={2010},
  publisher={Wiley Online Library}
}

@article{petra2012inexact,
  title={An inexact Gauss-Newton method for inversion of basal sliding and rheology parameters in a nonlinear Stokes ice sheet model},
  author={Petra, Noemi and Zhu, Hongyu and Stadler, Georg and Hughes, Thomas JR and Ghattas, Omar},
  journal={Journal of Glaciology},
  volume={58},
  number={211},
  pages={889--903},
  year={2012},
  publisher={Cambridge University Press}
}

@article{wang2018randomized,
  title={A randomized maximum a posteriori method for posterior sampling of high dimensional nonlinear Bayesian inverse problems},
  author={Wang, Kainan and Bui-Thanh, Tan and Ghattas, Omar},
  journal={SIAM Journal on Scientific Computing},
  volume={40},
  number={1},
  pages={A142--A171},
  year={2018},
  publisher={SIAM}
}

@book{williams1991probability,
  title={Probability with martingales},
  author={Williams, David},
  year={1991},
  publisher={Cambridge university press}
}

@book{evans2000approximating,
  title={Approximating integrals via Monte Carlo and deterministic methods},
  author={Evans, Michael and Swartz, Timothy},
  volume={20},
  year={2000},
  publisher={OUP Oxford}
}

@article{tierney1986accurate,
  title={Accurate approximations for posterior moments and marginal densities},
  author={Tierney, Luke and Kadane, Joseph B},
  journal={Journal of the american statistical association},
  volume={81},
  number={393},
  pages={82--86},
  year={1986},
  publisher={Taylor \& Francis}
}

@article{alnaes2015fenics,
  title={The FEniCS project version 1.5},
  author={Aln{\ae}s, Martin and Blechta, Jan and Hake, Johan and Johansson, August and Kehlet, Benjamin and Logg, Anders and Richardson, Chris and Ring, Johannes and Rognes, Marie E and Wells, Garth N},
  journal={Archive of Numerical Software},
  volume={3},
  number={100},
  year={2015}
}
@article{logg2010dolfin,
  title={DOLFIN: Automated finite element computing},
  author={Logg, Anders and Wells, Garth N},
  journal={ACM Transactions on Mathematical Software (TOMS)},
  volume={37},
  number={2},
  pages={1--28},
  year={2010},
  publisher={ACM New York, NY, USA}
}
@article{rathgeber2016firedrake,
  title={Firedrake: automating the finite element method by composing abstractions},
  author={Rathgeber, Florian and Ham, David A and Mitchell, Lawrence and Lange, Michael and Luporini, Fabio and McRae, Andrew TT and Bercea, Gheorghe-Teodor and Markall, Graham R and Kelly, Paul HJ},
  journal={ACM Transactions on Mathematical Software (TOMS)},
  volume={43},
  number={3},
  pages={1--27},
  year={2016},
  publisher={ACM New York, NY, USA}
}
@article{alnaes2014unified,
  title={Unified form language: A domain-specific language for weak formulations of partial differential equations},
  author={Aln{\ae}s, Martin S and Logg, Anders and {\O}lgaard, Kristian B and Rognes, Marie E and Wells, Garth N},
  journal={ACM Transactions on Mathematical Software (TOMS)},
  volume={40},
  number={2},
  pages={1--37},
  year={2014},
  publisher={ACM New York, NY, USA}
}
@inproceedings{rathgeber2012pyop2,
  title={PyOP2: A high-level framework for performance-portable simulations on unstructured meshes},
  author={Rathgeber, Florian and Markall, Graham R and Mitchell, Lawrence and Loriant, Nicolas and Ham, David A and Bertolli, Carlo and Kelly, Paul HJ},
  booktitle={2012 SC Companion: High Performance Computing, Networking Storage and Analysis},
  pages={1116--1123},
  year={2012},
  organization={IEEE}
}
@article{balay2001petsc,
  title={PETSc},
  author={Balay, Satish and Buschelman, Kris and Gropp, William D and Kaushik, Dinesh and Knepley, Matthew G and McInnes, L Curfman and Smith, Barry F and Zhang, Hong},
  journal={See http://www. mcs. anl. gov/petsc},
  year={2001}
}
@book{borzi2011computational,
  title={Computational optimization of systems governed by partial differential equations},
  author={Borz{\`\i}, Alfio and Schulz, Volker},
  year={2011},
  publisher={SIAM}
}
@article{steihaug1983local,
  title={Local and superlinear convergence for truncated iterated projections methods},
  author={Steihaug, Trond},
  journal={Mathematical Programming},
  volume={27},
  pages={176--190},
  year={1983},
  publisher={Springer}
}
@article{Villa2020,
author = "Umberto Villa and Noemi Petra and Omar Ghattas",
title = "{hIPPYlib User Manual: Version 2}",
year = "2020",
month = "6",
url = "https://figshare.com/articles/online_resource/hIPPYlib_User_Manual_Version_2/12510578",
doi = "10.6084/m9.figshare.12510578.v1"
}
@article{flath2011fast,
  title={Fast algorithms for Bayesian uncertainty quantification in large-scale linear inverse problems based on low-rank partial Hessian approximations},
  author={Flath, H Pearl and Wilcox, Lucas C and Ak{\c{c}}elik, Volkan and Hill, Judith and van Bloemen Waanders, Bart and Ghattas, Omar},
  journal={SIAM Journal on Scientific Computing},
  volume={33},
  number={1},
  pages={407--432},
  year={2011},
  publisher={SIAM}
}
@article{bui2012analysis,
  title={Analysis of the Hessian for inverse scattering problems: I. Inverse shape scattering of acoustic waves},
  author={Bui-Thanh, Tan and Ghattas, Omar},
  journal={Inverse Problems},
  volume={28},
  number={5},
  pages={055001},
  year={2012},
  publisher={IOP Publishing}
}
@software{Villa_hIPPYlib_An_Extensible_2020,
author = {Villa, Umberto and Petra, Noemi and Ghattas, Omar},
doi = {10.5281/zenodo.1234},
month = {2},
title = {{hIPPYlib: An Extensible Software Framework for Large-Scale Inverse Problems Governed by PDEs}},
url = {https://github.com/hippylib/hippylib},
version = {3.0.0},
year = {2020}
}

@misc{rathgeber2014firedrake,
  title={Firedrake: Re-imagining fenics by composing domainspecific abstractions},
  author={Rathgeber, Florian and Mitchell, Lawrence and Ham, David and Lange, Michael and McRae, Andrew and Luporini, Fabio and Bercea, Gheorghe-teodor and Kelly, Paul},
  year={2014}
}
@book{banks2012estimation,
  title={Estimation techniques for distributed parameter systems},
  author={Banks, H Thomas and Kunisch, Karl},
  year={2012},
  publisher={Springer Science \& Business Media}
}
@book{sullivan2015introduction,
  title={Introduction to uncertainty quantification},
  author={Sullivan, Timothy John},
  volume={63},
  year={2015},
  publisher={Springer}
}
@book{hadamard1923lectures,
  title={Lectures on Cauchy's problem in linear partial differential equations},
  author={Hadamard, Jacques},
  volume={15},
  year={1923},
  publisher={Yale university press}
}
